@book{waldron2018,
  author = {Shayne F. D. Waldron},
  title = {An introduction to finite tight frames},
  publisher = {Springer Science+Business Media, LLC},
  isbn = {978-0-8176-4815-2},
  date = {2018},
  series = {Applied and Numerical Harmonic Analysis}
}

@thesis{tropp2004,	
  author = {Joel Aaron Tropp},
  title = {Topics in sparse approximation},
  type = {PhD thesis},
  institution = {The University of Texas at Austin},
  date = {2004/08}
}